@article{Epidemic_Model_SIR,
  title={Some discrete-time SI, SIR, and SIS epidemic models},
  author={Allen, Linda JS},
  journal={Mathematical biosciences},
  volume={124},
  number={1},
  pages={83--105},
  year={1994},
  publisher={Elsevier}
}

@online{Social_Security_Administration,
  author = {Social Security Administration},
  title = {Social Security Administration},
  year = 2016,
  url = {https://www.ssa.gov/},
  urldate = {2016-04-16}
}

@online{namesbystate,
	author = {Social Security Administration},
	title = {namesbystate.zip},
	year = 2015,
	url = {http://www.ssa.gov/oact/babynames/state/namesbystate.zip},
	urldate = {2015-03-08}
}

@misc{mysql2001mysql,
  title={MySQL},
  author={MySQL, AB},
  year={2001}
}

@book{gubner2006probability,
  title={Probability and random processes for electrical and computer engineers},
  author={Gubner, John A},
  pages={412--415}
  year={2006},
  publisher={Cambridge University Press}
}